<record><leader>00000cas a2200000 a 4500</leader><controlfield tag="001">11946687</controlfield><controlfield tag="008">850422d18881889ksuwr ne      0    0eng d</controlfield><datafield ind1=" " ind2=" " tag="010"><subfield code="a">sn 85031256 </subfield></datafield><datafield ind1=" " ind2=" " tag="040"><subfield code="a">KSH</subfield><subfield code="b">eng</subfield><subfield code="c">KSH</subfield><subfield code="d">NPT</subfield><subfield code="d">OCL</subfield><subfield code="d">OCLCQ</subfield></datafield><datafield ind1=" " ind2=" " tag="042"><subfield code="a">msc</subfield></datafield><datafield ind1="0" ind2="4" tag="245"><subfield code="a">The Leader-democrat.</subfield></datafield><datafield ind1=" " ind2=" " tag="260"><subfield code="a">Richfield, Kan. :</subfield><subfield code="b">Robertson &amp; Lee,</subfield><subfield code="c">1888-1889.</subfield></datafield><datafield ind1=" " ind2=" " tag="300"><subfield code="a">1 v. ;</subfield><subfield code="c">60 cm.</subfield></datafield><datafield ind1=" " ind2=" " tag="310"><subfield code="a">Weekly</subfield></datafield><datafield ind1="0" ind2=" " tag="362"><subfield code="a">Vol. 3, no. 8 (Mar. 3, 1888)-v. 4, no. 4 (Jan. 26, 1889).</subfield></datafield><datafield ind1=" " ind2=" " tag="500"><subfield code="a">Published by Q.A. Robertson, Aug. 4, 1888-Jan. 26, 1889.</subfield></datafield><datafield ind1=" " ind2=" " tag="525"><subfield code="a">Supplements included.</subfield></datafield><datafield ind1=" " ind2=" " tag="752"><subfield code="a">United States</subfield><subfield code="b">Kansas</subfield><subfield code="c">Morton</subfield><subfield code="d">Richfield.</subfield></datafield><datafield ind1="0" ind2="4" tag="780"><subfield code="t">Southwest-leader</subfield><subfield code="w">(DLC)sn 85031255</subfield></datafield><datafield ind1="0" ind2="4" tag="780"><subfield code="t">Morton County democrat</subfield><subfield code="w">(DLC)sn 85031244</subfield></datafield><datafield ind1="0" ind2="4" tag="785"><subfield code="t">Richfield republican</subfield><subfield code="w">(DLC)sn 85031247</subfield></datafield></record>